
@article{mayring2004qualitative,
	title = {Qualitative content analysis},
	volume = {1},
	number = {2},
	journal = {A companion to qualitative research},
	author = {Mayring, Philipp and {others}},
	year = {2004},
	note = {Publisher: Frankfurt: SAGE},
	pages = {159--176},
}

@article{johnstone1994lectures,
	title = {Lectures-a learning experience?},
	volume = {31},
	number = {3},
	journal = {Education in Chemistry},
	author = {Johnstone, Alex H and Su, WY},
	year = {1994},
	note = {Publisher: London.},
	pages = {75--76},
}

@article{wirth2003notes,
	title = {E-notes: {Using} electronic lecture notes to support active learning in computer science},
	volume = {35},
	number = {2},
	journal = {ACM SIGCSE Bulletin},
	author = {Wirth, Michael A},
	year = {2003},
	note = {Publisher: ACM New York, NY, USA},
	pages = {57--60},
}

@inproceedings{rusu2006automatic,
	title = {Automatic generation of sequence-style notes from live lecture},
	booktitle = {Proceedings 9th international conference on engineering education ({ICEE})},
	publisher = {Citeseer},
	author = {Rusu, Adrian and Dainton, Gary},
	year = {2006},
}

@inproceedings{rusu2008automatic,
	title = {Automatic generation of technical-style notes from live lecture},
	booktitle = {2008 38th annual frontiers in education conference},
	publisher = {IEEE},
	author = {Rusu, Adrian and Dainton, Gary and Dahm, Kevin and Melting, James},
	year = {2008},
	pages = {S3B--3},
}

@inproceedings{xu2019lecture2note,
	title = {Lecture2note: {Automatic} generation of lecture notes from slide-based educational videos},
	booktitle = {2019 {IEEE} international conference on multimedia and expo ({ICME})},
	publisher = {IEEE},
	author = {Xu, Chengpei and Wang, Ruomei and Lin, Shujin and Luo, Xiaonan and Zhao, Baoquan and Shao, Lijie and Hu, Mengqiu},
	year = {2019},
	pages = {898--903},
}

@inproceedings{chen2012flow,
	title = {{FLOW}: a first-language-oriented writing assistant system},
	booktitle = {Proceedings of the {ACL} 2012 system demonstrations},
	author = {Chen, Mei-Hua and Huang, Shih-Ting and Hsieh, Hung-Ting and Kao, Ting-Hui and Chang, Jason S},
	year = {2012},
	pages = {157--162},
}

@inproceedings{liu2016write,
	title = {Write-righter: {An} academic writing assistant system},
	volume = {30},
	booktitle = {Proceedings of the {AAAI} conference on artificial intelligence},
	author = {Liu, Yuanchao and Wang, Xin and Liu, Ming and Wang, Xiaolong},
	year = {2016},
	note = {Issue: 1},
}

@article{ippolito2022creative,
	title = {Creative writing with an ai-powered writing assistant: {Perspectives} from professional writers},
	journal = {arXiv preprint arXiv:2211.05030},
	author = {Ippolito, Daphne and Yuan, Ann and Coenen, Andy and Burnam, Sehmon},
	year = {2022},
}

@inproceedings{roemmele2015creative,
	title = {Creative help: {A} story writing assistant},
	booktitle = {Interactive storytelling: 8th international conference on interactive digital storytelling, {ICIDS} 2015, copenhagen, denmark, november 30-{December} 4, 2015, proceedings 8},
	publisher = {Springer},
	author = {Roemmele, Melissa and Gordon, Andrew S},
	year = {2015},
	pages = {81--92},
}

@article{shi2022effidit,
	title = {Effidit: {Your} ai writing assistant},
	journal = {arXiv preprint arXiv:2208.01815},
	author = {Shi, Shuming and Zhao, Enbo and Tang, Duyu and Wang, Yan and Li, Piji and Bi, Wei and Jiang, Haiyun and Huang, Guoping and Cui, Leyang and Huang, Xinting and {others}},
	year = {2022},
}

@incollection{yuksel2023academic,
	title = {Academic writing instruction beyond the classroom walls: {New} possibilities and implications for english language teachers and learners},
	booktitle = {New directions in technology for writing instruction},
	publisher = {Springer},
	author = {Yüksel, İlknur and Başaran Uysal, Banu Çiçek and Eren Gezen, Emine and Özkanal, Ümit},
	year = {2023},
	pages = {233--257},
}

@article{wambsganss2022alen,
	title = {{ALEN} app: {Persuasive} writing support to foster english language learning},
	journal = {BEA 2022},
	author = {Wambsganss, Thiemo and Caines, Andrew and Buttery, Paula},
	year = {2022},
	pages = {134},
}

@inproceedings{wambsganss2021arguetutor,
	title = {{ArgueTutor}: {An} adaptive dialog-based learning system for argumentation skills},
	booktitle = {Proceedings of the 2021 {CHI} conference on human factors in computing systems},
	author = {Wambsganss, Thiemo and Kueng, Tobias and Soellner, Matthias and Leimeister, Jan Marco},
	year = {2021},
	pages = {1--13},
}

@inproceedings{wambsganss2020adaptive,
	title = {{AL}: {An} adaptive learning support system for argumentation skills},
	booktitle = {Proceedings of the 2020 {CHI} conference on human factors in computing systems},
	author = {Wambsganss, Thiemo and Niklaus, Christina and Cetto, Matthias and Söllner, Matthias and Handschuh, Siegfried and Leimeister, Jan Marco},
	year = {2020},
	pages = {1--14},
}

@inproceedings{weber2023structured,
	title = {Structured persuasive writing support in legal education: {A} model and tool for german legal case solutions},
	booktitle = {Findings of the association for computational linguistics: {ACL} 2023},
	author = {Weber, Florian and Wambsganss, Thiemo and Neshaei, Seyed Parsa and Soellner, Matthias},
	year = {2023},
	pages = {2296--2313},
}

@article{fitria2021grammarly,
	title = {Grammarly as {AI}-powered {English} writing assistant: {Students}’ alternative for writing {English}},
	volume = {5},
	number = {1},
	journal = {Metathesis: Journal of English Language, Literature, and Teaching},
	author = {Fitria, Tira Nur},
	year = {2021},
	pages = {65--78},
}

@inproceedings{goodman2022lampost,
	title = {Lampost: {Design} and evaluation of an ai-assisted email writing prototype for adults with dyslexia},
	booktitle = {Proceedings of the 24th international {ACM} {SIGACCESS} conference on computers and accessibility},
	author = {Goodman, Steven M and Buehler, Erin and Clary, Patrick and Coenen, Andy and Donsbach, Aaron and Horne, Tiffanie N and Lahav, Michal and MacDonald, Robert and Michaels, Rain Breaw and Narayanan, Ajit and {others}},
	year = {2022},
	pages = {1--18},
}

@inproceedings{lee2022interactive,
	title = {Interactive children’s story rewriting through parent-children interaction},
	booktitle = {Proceedings of the first workshop on intelligent and interactive writing assistants ({In2Writing} 2022)},
	author = {Lee, Yoonjoo and Kim, Tae Soo and Chang, Minsuk and Kim, Juho},
	year = {2022},
	pages = {62--71},
}

@inproceedings{lee2022coauthor,
	title = {Coauthor: {Designing} a human-ai collaborative writing dataset for exploring language model capabilities},
	booktitle = {Proceedings of the 2022 {CHI} conference on human factors in computing systems},
	author = {Lee, Mina and Liang, Percy and Yang, Qian},
	year = {2022},
	pages = {1--19},
}

@article{zhang2023visar,
	title = {{VISAR}: {A} human-{AI} argumentative writing assistant with visual programming and rapid draft prototyping},
	journal = {arXiv preprint arXiv:2304.07810},
	author = {Zhang, Zheng and Gao, Jie and Dhaliwal, Ranjodh Singh and Li, Toby Jia-Jun},
	year = {2023},
}

@inproceedings{yuan2022wordcraft,
	title = {Wordcraft: story writing with large language models},
	booktitle = {27th international conference on intelligent user interfaces},
	author = {Yuan, Ann and Coenen, Andy and Reif, Emily and Ippolito, Daphne},
	year = {2022},
	pages = {841--852},
}

@inproceedings{su2023reviewriter,
	title = {Reviewriter: {AI}-{Generated} instructions for peer review writing},
	booktitle = {Proceedings of the 18th workshop on innovative use of {NLP} for building educational applications ({BEA} 2023)},
	author = {Su, Xiaotian and Wambsganss, Thiemo and Rietsche, Roman and Neshaei, Seyed Parsa and Kser, Tanja},
	year = {2023},
	pages = {57--71},
}

@article{woo2023cases,
	title = {Cases of {EFL} secondary students' prompt engineering pathways to complete a writing task with {ChatGPT}},
	journal = {arXiv preprint arXiv:2307.05493},
	author = {Woo, David James and Guo, Kai and Susanto, Hengky},
	year = {2023},
}

@inproceedings{denny2023conversing,
	title = {Conversing with copilot: {Exploring} prompt engineering for solving cs1 problems using natural language},
	booktitle = {Proceedings of the 54th {ACM} technical symposium on computer science education {V}. 1},
	author = {Denny, Paul and Kumar, Viraj and Giacaman, Nasser},
	year = {2023},
	pages = {1136--1142},
}

@article{giray2023prompt,
	title = {Prompt engineering with {ChatGPT}: {A} guide for academic writers},
	journal = {Annals of Biomedical Engineering},
	author = {Giray, Louie},
	year = {2023},
	note = {Publisher: Springer},
	pages = {1--5},
}

@article{wollny2021we,
	title = {Are we there yet?-a systematic literature review on chatbots in education},
	volume = {4},
	journal = {Frontiers in artificial intelligence},
	author = {Wollny, Sebastian and Schneider, Jan and Di Mitri, Daniele and Weidlich, Joshua and Rittberger, Marc and Drachsler, Hendrik},
	year = {2021},
	note = {Publisher: Frontiers Media SA},
	pages = {654924},
}

@article{hwang2021review,
	title = {A review of opportunities and challenges of chatbots in education},
	journal = {Interactive Learning Environments},
	author = {Hwang, Gwo-Jen and Chang, Ching-Yi},
	year = {2021},
	note = {Publisher: Taylor \& Francis},
	pages = {1--14},
}

@article{kasneci2023chatgpt,
	title = {{ChatGPT} for good? {On} opportunities and challenges of large language models for education},
	volume = {103},
	journal = {Learning and Individual Differences},
	author = {Kasneci, Enkelejda and Seßler, Kathrin and Küchemann, Stefan and Bannert, Maria and Dementieva, Daryna and Fischer, Frank and Gasser, Urs and Groh, Georg and Günnemann, Stephan and Hüllermeier, Eyke and {others}},
	year = {2023},
	note = {Publisher: Elsevier},
	pages = {102274},
}

@article{sallam2023utility,
	title = {The utility of {ChatGPT} as an example of large language models in healthcare education, research and practice: {Systematic} review on the future perspectives and potential limitations},
	journal = {medRxiv : the preprint server for health sciences},
	author = {Sallam, Malik},
	year = {2023},
	note = {Publisher: Cold Spring Harbor Laboratory Press},
	pages = {2023--02},
}
